<record><leader>00000cas a22000007a 4500</leader><controlfield tag="001">15213992</controlfield><controlfield tag="008">870219d18781920msuwr ne      0   a0eng d</controlfield><datafield ind1=" " ind2=" " tag="010"><subfield code="a">sn 87065532 </subfield></datafield><datafield ind1=" " ind2=" " tag="040"><subfield code="a">MPC</subfield><subfield code="b">eng</subfield><subfield code="c">MPC</subfield><subfield code="d">MSJ</subfield><subfield code="d">OCLCQ</subfield><subfield code="d">DLC</subfield><subfield code="d">OCLCF</subfield><subfield code="d">DLC</subfield></datafield><datafield ind1="0" ind2=" " tag="022"><subfield code="a">2378-1831</subfield><subfield code="2">1</subfield></datafield><datafield ind1=" " ind2=" " tag="042"><subfield code="a">msc</subfield><subfield code="a">nsdp</subfield></datafield><datafield ind1=" " ind2=" " tag="043"><subfield code="a">n-us-ms</subfield></datafield><datafield ind1="0" ind2="0" tag="050"><subfield code="a">Newspaper</subfield></datafield><datafield ind1="0" ind2="0" tag="082"><subfield code="a">071</subfield><subfield code="2">23</subfield></datafield><datafield ind1=" " ind2="4" tag="222"><subfield code="a">The Pascagoula democrat-star</subfield><subfield code="b">(Print)</subfield></datafield><datafield ind1="0" ind2="4" tag="245"><subfield code="a">The Pascagoula democrat-star.</subfield></datafield><datafield ind1="3" ind2="0" tag="246"><subfield code="a">Democrat-star</subfield></datafield><datafield ind1=" " ind2=" " tag="260"><subfield code="a">Pascagoula, Miss. :</subfield><subfield code="b">P.K. Mayers &amp; M.B. Richmond,</subfield><subfield code="c">1878-</subfield></datafield><datafield ind1=" " ind2=" " tag="300"><subfield code="a">v.</subfield></datafield><datafield ind1=" " ind2=" " tag="310"><subfield code="a">Weekly</subfield></datafield><datafield ind1="0" ind2=" " tag="362"><subfield code="a">Vol. 28, no. 1 (Mar. 29, 1878)-</subfield></datafield><datafield ind1="1" ind2=" " tag="362"><subfield code="a">Ceased in 1920.</subfield></datafield><datafield ind1=" " ind2=" " tag="525"><subfield code="a">Some issues from May 2, 1882 through April 20, 1883 are accompanied by a supplement with the title: The moss point journal.</subfield></datafield><datafield ind1=" " ind2=" " tag="530"><subfield code="a">Archived issues are available in digital format from the Library of Congress Chronicling America online collection.</subfield></datafield><datafield ind1=" " ind2="0" tag="651"><subfield code="a">Pascagoula (Miss.)</subfield><subfield code="v">Newspapers.</subfield></datafield><datafield ind1=" " ind2="7" tag="651"><subfield code="a">Mississippi</subfield><subfield code="z">Pascagoula.</subfield><subfield code="2">fast</subfield><subfield code="0">(OCoLC)fst01208520</subfield></datafield><datafield ind1=" " ind2="7" tag="655"><subfield code="a">Newspapers.</subfield><subfield code="2">fast</subfield><subfield code="0">(OCoLC)fst01423814</subfield></datafield><datafield ind1=" " ind2=" " tag="752"><subfield code="a">United States</subfield><subfield code="b">Mississippi</subfield><subfield code="c">Jackson</subfield><subfield code="d">Pascagoula.</subfield></datafield><datafield ind1="0" ind2="8" tag="776"><subfield code="i">Online version:</subfield><subfield code="t">Pascagoula democrat-star</subfield><subfield code="x">2378-184X</subfield><subfield code="w">(DLC)  2015218661</subfield><subfield code="w">(OCoLC)905984460</subfield></datafield><datafield ind1="0" ind2="4" tag="780"><subfield code="t">Handsboro democrat (Handsboro, Miss. : 1858)</subfield><subfield code="w">(DLC)sn 85034376</subfield><subfield code="w">(OCoLC)12743404</subfield></datafield><datafield ind1="0" ind2="4" tag="780"><subfield code="t">Star of Pascagoula (Pascagoula, Miss. : 1873)</subfield><subfield code="x">2378-3265</subfield><subfield code="w">(DLC)sn 85034469</subfield><subfield code="w">(OCoLC)12881899</subfield></datafield><datafield ind1="0" ind2="7" tag="785"><subfield code="t">Pascagoula chronicle</subfield><subfield code="w">(DLC)sn 87065531</subfield><subfield code="w">(OCoLC)16167671</subfield></datafield><datafield ind1="0" ind2="7" tag="785"><subfield code="t">Chronicle-star</subfield><subfield code="w">(DLC)sn 87065527</subfield><subfield code="w">(OCoLC)16167848</subfield></datafield><datafield ind1="4" ind2="1" tag="856"><subfield code="u">http://www.loc.gov/chroniclingamerica/lccn/sn87065532/issues</subfield></datafield></record>